<?xml version="1.0" encoding="UTF-8"?>
<record xmlns="http://www.loc.gov/MARC21/slim">
   <leader>01758cam a2200325 a 4500</leader>
   <controlfield tag="001">449711</controlfield>
   <controlfield tag="003">NjP</controlfield>
   <controlfield tag="005">20170605130738.0</controlfield>
   <controlfield tag="008">880614s1909    le            000 0 ara d</controlfield>
   <datafield tag="024" ind1="7" ind2=" ">
      <subfield code="a">princeton_aco003402</subfield>
      <subfield code="2">local</subfield>
   </datafield>
   <datafield ind1=" " ind2=" " tag="035">
      <subfield code="a">(OCoLC)ocn176028487</subfield>
   </datafield>
   <datafield ind1=" " ind2=" " tag="035">
      <subfield code="a">(OCoLC)25521407</subfield>
   </datafield>
   <datafield ind1=" " ind2=" " tag="040">
      <subfield code="a">NjP</subfield>
      <subfield code="c">PUL</subfield>
      <subfield code="d">PUL</subfield>
   </datafield>
   <datafield ind1=" " ind2=" " tag="020">
      <subfield code="z">8800005305</subfield>
   </datafield>
   <datafield ind1=" " ind2=" " tag="035">
      <subfield code="a">(OCoLC)176028487</subfield>
   </datafield>
   <datafield ind1=" " ind2=" " tag="035">
      <subfield code="a">(CStRLIN)NJPG88-B30182</subfield>
   </datafield>
   <datafield ind1=" " ind2=" " tag="035">
      <subfield code="9">ACC5343TS</subfield>
   </datafield>
   <datafield ind1=" " ind2=" " tag="035">
      <subfield code="a">(NjP)449711</subfield>
   </datafield>
   <datafield ind1=" " ind2=" " tag="079">
      <subfield code="a">ocm25521407</subfield>
   </datafield>
   <datafield ind1=" " ind2=" " tag="049">
      <subfield code="a">PULL</subfield>
   </datafield>
   <datafield ind1="0" ind2="0" tag="245">
      <subfield code="6">880-01</subfield>
      <subfield code="a">Manāʼir al-ṭaqsīyāt :</subfield>
      <subfield code="b">wa-huwa kitāb yaḥtawī ʻalá tansīq ḥarakāt khuddām al-khūrus fī al-quddāsāt al-iḥtifālīyah wa-al-ʻādiyah wa-ṣalawāt al-khūrus wa-al-jināzāt wa-al-rutab wa-al-ʻibādāt wa-al-ṭawāfāt /</subfield>
      <subfield code="c">waḍaʻahu wa-ʻallaqa ḥawāshiyahu baʻḍ ābāʼ al-risālah al-Lubnānīyah al-Mārūnīyah.</subfield>
   </datafield>
   <datafield ind1=" " ind2=" " tag="260">
      <subfield code="6">880-02</subfield>
      <subfield code="a">[Beirut] :</subfield>
      <subfield code="b">Buṭrus Shiblī,</subfield>
      <subfield code="c">1909.</subfield>
   </datafield>
   <datafield ind1=" " ind2=" " tag="300">
      <subfield code="a">272 p. ;</subfield>
      <subfield code="c">25 cm.</subfield>
   </datafield>
   <datafield ind1="2" ind2="0" tag="610">
      <subfield code="a">Catholic Church</subfield>
      <subfield code="x">Maronite rite</subfield>
      <subfield code="x">Liturgy.</subfield>
      <subfield code="0">http://id.loc.gov/authorities/subjects/sh97002210</subfield>
   </datafield>
   <datafield ind1=" " ind2="0" tag="650">
      <subfield code="a">Mass.</subfield>
      <subfield code="0">http://id.loc.gov/authorities/subjects/sh85081846</subfield>
   </datafield>
   <datafield ind1="0" ind2="0" tag="880">
      <subfield code="6">245-01/r</subfield>
      <subfield code="a">منائر الطقسيات :</subfield>
      <subfield code="b">وهو كتاب يحتوي على تنسيق حركات خدام الخورس في القداسات الاحتفالية والعادية وصلوات الخورس والجنازات والرتب والعبادات والطوافات /</subfield>
      <subfield code="c">وضعه وعلق حواشيه بعض آباء الرسالة اللبنانية المارونية.</subfield>
   </datafield>
   <datafield ind1=" " ind2=" " tag="880">
      <subfield code="6">260-02/r</subfield>
      <subfield code="a">[بيروت] :</subfield>
      <subfield code="b">بطرس شبلي،</subfield>
      <subfield code="c">1909.</subfield>
   </datafield>
   <datafield ind1=" " ind2=" " tag="998">
      <subfield code="a">03/05/93</subfield>
      <subfield code="s">9118</subfield>
      <subfield code="n">NjP</subfield>
      <subfield code="w">NJPG88B30182</subfield>
      <subfield code="d">06/14/88</subfield>
      <subfield code="c">JAB</subfield>
      <subfield code="b">DRT</subfield>
      <subfield code="i">930305</subfield>
      <subfield code="l">NJPG</subfield>
   </datafield>
   <datafield ind1=" " ind2=" " tag="911">
      <subfield code="a">19930311</subfield>
   </datafield>
   <datafield ind1=" " ind2=" " tag="912">
      <subfield code="a">19930305000000.0</subfield>
   </datafield>
   <datafield ind1=" " ind2=" " tag="994">
      <subfield code="a">C0</subfield>
      <subfield code="b">PUL</subfield>
   </datafield>
   <datafield ind1=" " ind2=" " tag="999">
      <subfield code="a">449711</subfield>
   </datafield>
   <datafield ind1="0" ind2="0" tag="852">
      <subfield code="0">489481</subfield>
      <subfield code="b">rcppa</subfield>
      <subfield code="t">1</subfield>
      <subfield code="h">BX186.6</subfield>
      <subfield code="i">.M36</subfield>
      <subfield code="x">tr fr arab</subfield>
   </datafield>
   <datafield ind1=" " ind2=" " tag="959">
      <subfield code="a">2000-06-13 00:00:00 -0400</subfield>
   </datafield>
</record>
